@BOOK{cormen,
  title = {Algorithmen --- Eine Einf√ºhrung},
  publisher = {Oldenburg Wissenschaftsverlag GmbH},
  year = {2007},
  author = {Th. H. Cormen and Ch. E. Leiserson and R. Rivest and C. Stein},
  edition = {2nd}
}
